@Book{Chang,
  author    = {Raymond Chang},
  publisher = {McGraw-Hill},
  title     = {Quimica},
  year      = {2013},
  edition   = {11th},
  isbn      = {978-607-15-0928-4},
  abstract  = {www.FreeLibros.org},
  file      = {:C\:/Users/rock_/OneDrive/Escritorio/tesis_maestria/bibliografia_2/01_Quimica_Chang_Raymond_Goldsby_Kenneth A.pdf:PDF},
  keywords  = {www.FreeLibros.org},
}

@Book{Vincent,
  author    = {John Vincent},
  publisher = {Wiley},
  title     = {Fundamentals of Infrared and Visible Detector Operation and Testing},
  year      = {2016},
  edition   = {2nd},
  isbn      = {978-1-119-01188-0},
  file      = {:C\:/Users/rock_/OneDrive/Escritorio/tesis_maestria/bibliografia_2/02_FundamentalsofInfraredandVisibleDetectorOperationandTesting_Vincent.pdf:PDF},
}

@Book{Hollands,
  author    = {Terry Hollands},
  publisher = {Begell House},
  title     = {Thermal Radiation Fundamentals},
  year      = {2004},
  isbn      = {978-1-56700-317-8},
  file      = {:C\:/Users/rock_/OneDrive/Escritorio/tesis_maestria/bibliografia2/03_Thermal_Radiation_Fundamentals_Hollands.pdf:PDF},
}

@Book{Beiser,
  author    = {Arthur Beiser},
  publisher = {McGraw-Hill},
  title     = {Concepts of Modern Physics},
  year      = {2003},
  edition   = {6th},
  file      = {:C\:/Users/rock_/OneDrive/Escritorio/tesis_maestria/bibliografia2/04_Concepts-of-Modern-Physics-Arthur-Beiser.pdf:PDF},
}

@Book{Sears,
  author    = {Francis Sears},
  publisher = {Addison-Wesley},
  title     = {Fisica Universitaria con Fisica Moderna Volumen 2},
  year      = {2009},
  edition   = {12th},
  file      = {:C\:/Users/rock_/OneDrive/Escritorio/tesis_maestria/bibliografia2/05_Fisica_Universitaria_Vol2_Sears-Zemansky.pdf:PDF},
}

@Book{FUV3,
  author    = {Samuel Ling},
  publisher = {Rice University},
  title     = {Física Universitaria Volumen 3},
  year      = {2021},
  file      = {:C\:/Users/rock_/OneDrive/Escritorio/tesis_maestria/bibliografia2/06_Fisica_UniversitariaVol3_Ling.pdf:PDF},
}

@MastersThesis{BlancoMDA,
  author = {Diego Andrés Blanco Mora},
  school = {INAOE},
  title  = {Diseño de circuitos integrados de lectura paramicrobolómetros},
  year   = {2013},
  file   = {:C\:/Users/rock_/OneDrive/Escritorio/tesis_maestria/bibliografia2/07_Diseño_ic_lectura_ubol_BlancoMDA.pdf:PDF},
}

@Book{Rogalski,
  author    = {Antoni Rogalski},
  publisher = {CRC Press},
  title     = {Infrared Detectors},
  year      = {2011},
  edition   = {2nd},
  file      = {:bibliografia2/08_Rogalski_Infrared_Detectors.pdf:PDF},
}

@Article{Motilal,
  author  = {Motilal Ghimire},
  journal = {N.A},
  title   = {Remote Sensing and Image Analysis and in Environmental and Studies},
  year    = {2021},
  month   = {Abril},
  file    = {:C\:/Users/rock_/OneDrive/Escritorio/tesis_maestria/bibliografia2/09_Remote_Sensing_Motilal.pdf:PDF},
}

@MastersThesis{Jimenez,
  author = {Ricardo Jiménez-Zavala},
  school = {INAOE},
  title  = {Desarrollo de micro-bolómetrosno enfriados basados en Silicio yGermanio Polimorfo},
  year   = {2013},
  file   = {:C\:/Users/rock_/OneDrive/Escritorio/tesis_maestria/bibliografia2/10_Desarrollo_ubol_JimenezZR.pdf:PDF},
}

@Book{Chu2018,
  author    = {Chu, Pong P.},
  publisher = {Wiley},
  title     = {FPGA prototyping by systemverilog examples},
  year      = {2018},
  address   = {Hoboken, NJ, USA},
  isbn      = {9781119282662},
  note      = {Includes bibliographical references and index},
  pagetotal = {615},
  ppn_gvk   = {1013947169},
  subtitle  = {Xilinx MicroBlaze MCS SoC edition},
}

@Book{Chu2008,
  author    = {Chu, Pong P.},
  publisher = {J. Wiley And Sons},
  title     = {FPGA prototyping by Verilog examples},
  year      = {2008},
  address   = {Hoboken, N.J},
  isbn      = {9780470185322},
  note      = {Includes bibliographical references (pages 485-486) and index},
  pagetotal = {1488},
  ppn_gvk   = {1679655736},
  subtitle  = {Xilinx Spartan -3 version},
}

@Book{Kester2007,
  editor    = {Walt Kester},
  publisher = {Elsevier Newnes},
  title     = {Data conversion handbook},
  year      = {2007},
  address   = {Amsterdam},
  edition   = {[Nachdr.]},
  isbn      = {0750678410},
  note      = {Includes bibliographical references and index},
  series    = {Analog Devices series},
  pagetotal = {953},
  ppn_gvk   = {615938558},
}

@Book{Budzier,
  author    = {Helmut Budzier},
  publisher = {John Wiley and Sons},
  title     = {Thermal Infrared Sensors, Theory, Optimisation and Practice},
  year      = {2011},
  isbn      = {9780470976906},
}

@Article{Bhan2009,
  author    = {Bhan, R. and Saxena, R. and Jalwani, C. and Lomash, S.},
  journal   = {Defence Science Journal},
  title     = {Uncooled Infrared Microbolometer Arrays and their Characterisation Techniques},
  year      = {2009},
  issn      = {0976-464X},
  month     = nov,
  number    = {6},
  pages     = {580--589},
  volume    = {59},
  doi       = {10.14429/dsj.59.1562},
  publisher = {Defence Scientific Information and Documentation Centre},
}

@Article{Wei2015,
  author    = {Wei, He and Tong, Zhou and Qin, Shi and Yan, Su},
  title     = {A Novel Test Method for Micro-bolometer Thermal Parameters},
  year      = {2015},
  month     = sep,
  booktitle = {2015 Fifth International Conference on Instrumentation and Measurement, Computer, Communication and Control (IMCCC)},
  doi       = {10.1109/imccc.2015.351},
  publisher = {IEEE},
}

@Article{Liu2020,
  author    = {Liu, Chao and Fu, Jianyu and Hou, Ying and Zhou, Qiong and Chen, Dapeng},
  journal   = {IEEE Sensors Journal},
  title     = {A Self-Calibration Method of Microbolometer With Vacuum Package},
  year      = {2020},
  issn      = {2379-9153},
  month     = aug,
  number    = {15},
  pages     = {8570--8575},
  volume    = {20},
  doi       = {10.1109/jsen.2020.2983470},
  publisher = {Institute of Electrical and Electronics Engineers (IEEE)},
}

@Book{Lau2010,
  editor    = {John H. Lau and Chengkuo Lee and C. S. Premachandran and Yu Aibin},
  publisher = {McGraw-Hill},
  title     = {Advanced MEMS packaging},
  year      = {2010},
  address   = {New York},
  isbn      = {9780071626231},
  note      = {Print version c2010. - Includes bibliographical references and index. - Description based on cover image and table of contents, viewed on February 08, 2010},
  series    = {McGraw-Hill's AccessEngineering},
  pagetotal = {1552},
  ppn_gvk   = {1761950401},
}

@Article{Hernandez2021,
  author    = {Hernandez, Julio and Rangel-Magdaleno, Jose and Jimenez, Ricardo and Moreno, Mario and Torres, Alfonso and Ponce, Arturo and Ferrusca, Daniel and Castro-Ramos, Jorge},
  title     = {An Automated V-I Acquisition System for Microbolometer Array with FPGA-based Drive},
  year      = {2021},
  month     = may,
  booktitle = {2021 IEEE International Instrumentation and Measurement Technology Conference (I2MTC)},
  doi       = {10.1109/i2mtc50364.2021.9459964},
  publisher = {IEEE},
}

@Article{Fusetto2023,
  author    = {Fusetto, Samuele and Aprile, Antonio and Malcovati, Piero and Bonizzoni, Edoardo},
  journal   = {Sensors},
  title     = {Readout IC Architectures and Strategies for Uncooled Micro-Bolometers Infrared Focal Plane Arrays: A Review},
  year      = {2023},
  issn      = {1424-8220},
  month     = mar,
  number    = {5},
  pages     = {2727},
  volume    = {23},
  doi       = {10.3390/s23052727},
  publisher = {MDPI AG},
}

@Article{Moreno2022,
  author    = {Moreno, Mario and Ferrusca, Daniel and Rangel, Jose and Castro, Jorge and Hernandez, Julio and Jimenez, Ricardo and Torres, Alfonso and Ponce, Arturo and Morales, Alfredo and Gonzalez-Cruz, Rodrigo and Mota-Galvan, Eduardo and Amador-Perez, Gabriela},
  title     = {Towards an infrared camera based on polymorphous silicon-germanium microbolometer arrays},
  year      = {2022},
  month     = jul,
  pages     = {1--4},
  booktitle = {2022 IEEE Latin American Electron Devices Conference (LAEDC)},
  doi       = {10.1109/laedc54796.2022.9908199},
  publisher = {IEEE},
}

@Article{Yii2023,
  author    = {Yii, Bryna Ngieng Sing and Ahmad, Nabihah and Wahab, Mohd Helmy Abd and Jubadi, Warsuzarina Mat and Uttraphan, Chessda and Idrus, Syed Zulkarnain Syed},
  journal   = {Annals of Emerging Technologies in Computing},
  title     = {Integration of Home Automation and Security System Controller with FPGA Implementation},
  year      = {2023},
  issn      = {2516-0281},
  month     = oct,
  number    = {5},
  pages     = {1--10},
  volume    = {7},
  doi       = {10.33166/aetic.2023.05.001},
  publisher = {International Association for Educators and Researchers (IAER)},
}

@Article{LeneroBardallo2022,
  author    = {Lenero-Bardallo, Juan Antonio and de la Rosa-Vidal, Rafael and Padial-Allue, Ruben and Ceballos-Caceres, Joaquin and Rodriguez-Vazquez, Angel and Bernabeu-Wittel, Jose},
  journal   = {IEEE Sensors Journal},
  title     = {A Customizable Thermographic Imaging System for Medical Image Acquisition and Processing},
  year      = {2022},
  issn      = {2379-9153},
  month     = sep,
  number    = {17},
  pages     = {16730--16741},
  volume    = {22},
  doi       = {10.1109/jsen.2021.3080035},
  publisher = {Institute of Electrical and Electronics Engineers (IEEE)},
}

@Article{Svantner2022,
  author    = {Švantner, Michal and Lang, Vladislav and Skála, Jiří and Kohlschütter, Tomáš and Honner, Milan and Muzika, Lukáš and Kosová, Eliška},
  journal   = {Sensors},
  title     = {Statistical Study on Human Temperature Measurement by Infrared Thermography},
  year      = {2022},
  issn      = {1424-8220},
  month     = nov,
  number    = {21},
  pages     = {8395},
  volume    = {22},
  doi       = {10.3390/s22218395},
  publisher = {MDPI AG},
}

@Article{WziatekKuczmik2024,
  author    = {Wziątek-Kuczmik, Daria and Świątkowski, Antoni and Cholewka, Armand and Mrowiec, Aleksandra and Niedzielska, Iwona and Stanek, Agata},
  journal   = {Sensors},
  title     = {Thermal Imaging of the Tongue Surface as a Predictive Method in the Diagnosis of Type 2 Diabetes Mellitus},
  year      = {2024},
  issn      = {1424-8220},
  month     = apr,
  number    = {8},
  pages     = {2447},
  volume    = {24},
  doi       = {10.3390/s24082447},
  publisher = {MDPI AG},
}

@Article{Rocha2022,
  author    = {Rocha, Andre and Lopes, Sergio Ivan and Abreu, Carlos},
  title     = {A Cost-effective Infrared Thermographic System for Diabetic Foot Screening},
  year      = {2022},
  month     = oct,
  pages     = {106--111},
  volume    = {15},
  booktitle = {2022 18th International Conference on Wireless and Mobile Computing, Networking and Communications (WiMob)},
  doi       = {10.1109/wimob55322.2022.9941557},
  publisher = {IEEE},
}

@Article{Minoglou2019,
  author    = {Minoglou, K. and Nelms, N. and Ciapponi, A. and Weber, H. and Wittig, S. and Leone, B. and Crouzet, P.E.},
  journal   = {Infrared Physics and Technology},
  title     = {Infrared image sensor developments supported by the European Space Agency},
  year      = {2019},
  issn      = {1350-4495},
  month     = jan,
  pages     = {351--360},
  volume    = {96},
  doi       = {10.1016/j.infrared.2018.12.010},
  publisher = {Elsevier BV},
}

@Article{LeBa2019,
  author    = {Le Ba, Ngoc and Oh, Sechang and Sylvester, Dennis and Kim, Tony Tae-Hyoung},
  journal   = {Microelectronics Journal},
  title     = {A 256 pixel 21.6 uW infrared gesture recognition processor for smart devices},
  year      = {2019},
  issn      = {0026-2692},
  month     = apr,
  pages     = {49--56},
  volume    = {86},
  doi       = {10.1016/j.mejo.2019.02.016},
  publisher = {Elsevier BV},
}

@Article{She2024,
  author    = {She, Xing and Lu, Honglei and Liu, Qian and Xie, Peng and Xia, Qian},
  journal   = {Journal of Radiation Research and Applied Sciences},
  title     = {Dermatological infrared thermal imaging with human-machine interaction image diagnostics interface using DenseNet},
  year      = {2024},
  issn      = {1687-8507},
  month     = mar,
  number    = {1},
  pages     = {100826},
  volume    = {17},
  doi       = {10.1016/j.jrras.2024.100826},
  publisher = {Elsevier BV},
}

@Article{Parihar2021,
  author    = {Parihar, Gunjan and Saha, Sumit and Giri, Lalat Indu},
  journal   = {Smart Agricultural Technology},
  title     = {Application of infrared thermography for irrigation scheduling of horticulture plants},
  year      = {2021},
  issn      = {2772-3755},
  month     = dec,
  pages     = {100021},
  volume    = {1},
  doi       = {10.1016/j.atech.2021.100021},
  publisher = {Elsevier BV},
}

@InProceedings{Farhat2011,
  author    = {Farhat, Hanna},
  booktitle = {2011 11th International Conference on ITS Telecommunications},
  title     = {An infrared thermal image acquisition system for intra-vehicle applications},
  year      = {2011},
  month     = aug,
  pages     = {426--430},
  publisher = {IEEE},
  doi       = {10.1109/itst.2011.6060094},
}

@InProceedings{Xie2016,
  author    = {Xie, Dingchao},
  booktitle = {Advanced Sensor Systems and Applications VII},
  title     = {Design of a micro uncooled infrared imaging system based on VOX IRFPA},
  year      = {2016},
  editor    = {Liu, Tiegen and Jiang, Shibin and Landgraf, Rene},
  month     = oct,
  pages     = {1002516},
  publisher = {SPIE},
  volume    = {10025},
  doi       = {10.1117/12.2244305},
  issn      = {0277-786X},
}

@InProceedings{Sosnowski2010,
  author    = {Tomasz Sosnowski},
  booktitle = {Mixed Design of Integrated Circuits and Systems},
  title     = {Processing of the image from infrared focal plane array using FPGA-based system},
  year      = {2010},
  publisher = {IEEE},
  abstract  = {Proceedings of the 17th International Conference Mixed Design of Integrated Circuits and Systems - MIXDES 2010;2010; ; ;},
  file      = {:C\:/Users/rock_/Downloads/bibliografia_tesis_M-20240807T032211Z-001/bibliografia_tesis_M/30_Processing_of_the_image_from_infrared_focal_plane_array_using_FPGA-based_system_art.pdf:PDF},
  keywords  = {thermal imaging;signal processing},
}

@Article{Forsberg2015,
  author    = {Forsberg, Fredrik},
  journal   = {IEEE Journal of Selected Topics in Quantum Electronics},
  title     = {CMOS-Integrated Si/SiGe Quantum-Well Infrared Microbolometer Focal Plane Arrays Manufactured With Very Large-Scale Heterogeneous 3D Integration},
  year      = {2015},
  issn      = {1558-4542},
  month     = jul,
  number    = {4},
  pages     = {30--40},
  volume    = {21},
  doi       = {10.1109/jstqe.2014.2358198},
  publisher = {Institute of Electrical and Electronics Engineers (IEEE)},
}

@Article{Feng2020,
  author    = {Feng, Shuyi},
  journal   = {Journal of Physics: Conference Series},
  title     = {The system design based on long-wave uncooled infrared detector},
  year      = {2020},
  issn      = {1742-6596},
  month     = sep,
  number    = {1},
  pages     = {012015},
  volume    = {1633},
  doi       = {10.1088/1742-6596/1633/1/012015},
  publisher = {IOP Publishing},
}

@InProceedings{Bayareh2018,
  author    = {Bayareh, Rafael},
  booktitle = {2018 IEEE International Instrumentation and Measurement Technology Conference (I2MTC)},
  title     = {Development of a thermographic image instrument using the raspberry Pi embedded system for the study of the diabetic foot},
  year      = {2018},
  month     = may,
  pages     = {1--6},
  publisher = {IEEE},
  volume    = {55},
  doi       = {10.1109/i2mtc.2018.8409841},
}

@Article{Javaid2020,
  author    = {Javaid, Faraz and Rashid, Muhammad and Khan, Shafqat},
  journal   = {Computers And Electrical Engineering},
  title     = {A configurable high resolution digital pixel readout integrated circuit with on-chip image processing},
  year      = {2020},
  issn      = {0045-7906},
  month     = sep,
  pages     = {106720},
  volume    = {86},
  doi       = {10.1016/j.compeleceng.2020.106720},
  publisher = {Elsevier BV},
}

@Article{Vybornov2020,
  author    = {Vybornov, Pavel},
  journal   = {IEEE Photonics Technology Letters},
  title     = {Short Pulse Power Measurements by Uncooled Bolometers},
  year      = {2020},
  issn      = {1941-0174},
  month     = jan,
  number    = {1},
  pages     = {51--54},
  volume    = {32},
  doi       = {10.1109/lpt.2019.2957044},
  publisher = {Institute of Electrical and Electronics Engineers (IEEE)},
}

@Comment{jabref-meta: databaseType:bibtex;}
